<?xml version="1.0" encoding="UTF-8"?><collection xmlns="http://www.loc.gov/MARC21/slim"><record><leader>00583nam--2200181-i-4500</leader><controlfield tag="001">000014746</controlfield><controlfield tag="002">20161230</controlfield><controlfield tag="005">20161230201031</controlfield><controlfield tag="008">060222s1000------------r-----000-0-eng-d</controlfield><datafield ind1=" " ind2=" " tag="040"><subfield code="a">IFIN-HH</subfield></datafield><datafield ind1=" " ind2=" " tag="080"><subfield code="a">537.222.22</subfield></datafield><datafield ind1="1" ind2=" " tag="100"><subfield code="a">Shmartsev, Yu.V</subfield></datafield><datafield ind1="1" ind2="0" tag="245"><subfield code="a">Refractory semiconductors materials</subfield><subfield code="b">A special research report translated from russian by albin tybulewicz</subfield><subfield code="c">Yu.v. shmartsev, iu.a. valov, iu.v borshchevskii</subfield></datafield><datafield ind1=" " ind2=" " tag="260"><subfield code="a">New York</subfield><subfield code="b">Cosultants Bureau</subfield><subfield code="c">1966</subfield></datafield><datafield ind1=" " ind2=" " tag="300"><subfield code="a">89 P</subfield></datafield><datafield ind1="1" ind2=" " tag="700"><subfield code="a">Borshchevskii, A.S</subfield></datafield><datafield ind1=" " ind2=" " tag="852"><subfield code="a">75287</subfield><subfield code="c">537.311.33</subfield></datafield><datafield ind1=" " ind2=" " tag="CAT"><subfield code="a">Sys</subfield><subfield code="c">20110801</subfield><subfield code="h">153452</subfield></datafield></record></collection>